<?xml version="1.0" encoding="UTF-8"?><record xmlns="http://www.loc.gov/MARC21/slim" xmlns:cinclude="http://apache.org/cocoon/include/1.0" xmlns:zs="http://www.loc.gov/zing/srw/">
  <leader>00559nz  a2200133n  4500</leader>
  <controlfield tag="001">no 96045553 </controlfield>
  <controlfield tag="003">DLC</controlfield>
  <controlfield tag="005">19960911053453.2</controlfield>
  <controlfield tag="008">960910n| acannaab|          |n ana     c</controlfield>
  <datafield tag="010" ind1=" " ind2=" ">
    <subfield code="a">no 96045553 </subfield>
  </datafield>
  <datafield tag="035" ind1=" " ind2=" ">
    <subfield code="a">(OCoLC)oca04157891 </subfield>
  </datafield>
  <datafield tag="040" ind1=" " ind2=" ">
    <subfield code="a">InU</subfield>
    <subfield code="c">InU</subfield>
  </datafield>
  <datafield tag="130" ind1=" " ind2="0">
    <subfield code="a">Luminătoriul (Timișoara, Romania)</subfield>
  </datafield>
  <datafield tag="670" ind1=" " ind2=" ">
    <subfield code="a">Rolul presei progresiste în lupta Românilor Bănățeni pentru înfăptuirea idealului național la sfîrșitul secolului al XIX-lea și începutul secolului XX, 1986:</subfield>
    <subfield code="b">p. 11 (newspaper, first published in Timișoara, 5/17 March 1880)</subfield>
  </datafield>
</record>